@inproceedings{DBLP:conf/qce/PerrielloBP21,
  title = {A Complete Quantum Circuit to Solve the Information Set Decoding Problem},
  booktitle = {{{IEEE International Conference}} on {{Quantum Computing}} and {{Engineering}}, {{QCE}} 2021, {{Broomfield}}, {{CO}}, {{USA}}, {{October}} 17-22, 2021},
  author = {Perriello, Simone and Barenghi, Alessandro and Pelosi, Gerardo},
  editor = {M{\"u}ller, Hausi A. and Byrd, Greg and Culhane, Candace and Humble, Travis},
  year = {2021},
  pages = {366--377},
  publisher = {{IEEE}},
  doi = {10.1109/QCE52317.2021.00056},
  url = {https://doi.org/10.1109/QCE52317.2021.00056},
  bibsource = {dblp computer science bibliography, https://dblp.org},
  biburl = {https://dblp.org/rec/conf/qce/PerrielloBP21.bib},
  timestamp = {Tue, 30 Nov 2021 17:31:17 +0100},
  bibtex_show = {true},
  code = {https://github.com/paper-codes/2021-IQW},
  html = {https://hdl.handle.net/11311/1201187},
}

@inproceedings{DBLP:conf/securecomm/PerrielloBP21,
  title = {A Quantum Circuit to Speed-up the Cryptanalysis of Code-Based Cryptosystems},
  booktitle = {Security and Privacy in Communication Networks - 17th {{EAI}} International Conference, {{SecureComm}} 2021, Virtual Event, September 6-9, 2021, Proceedings, Part {{II}}},
  author = {Perriello, Simone and Barenghi, Alessandro and Pelosi, Gerardo},
  editor = {{Garc{\'i}a-Alfaro}, Joaqu{\'i}n and Li, Shujun and Poovendran, Radha and Debar, Herv{\'e} and Yung, Moti},
  year = {2021},
  series = {Lecture Notes of the Institute for Computer Sciences, Social Informatics and Telecommunications Engineering},
  volume = {399},
  pages = {458--474},
  publisher = {{Springer}},
  doi = {10.1007/978-3-030-90022-9_25},
  url = {https://doi.org/10.1007/978-3-030-90022-9_25},
  bibsource = {dblp computer science bibliography, https://dblp.org},
  biburl = {https://dblp.org/rec/conf/securecomm/PerrielloBP21.bib},
  timestamp = {Wed, 15 Dec 2021 10:32:56 +0100},
  bibtex_show = {true},
  html = {https://hdl.handle.net/11311/1191841},
}
@article{perriello2023ImprovingEfficiencyQuantum,
  title = {Improving the Efficiency of Quantum Circuits for Information Set Decoding},
  author = {Perriello, Simone and Barenghi, Alessandro and Pelosi, Gerardo},
  date = {2023-08},
  journaltitle = {ACM Transactions on Quantum Computing},
  volume = {4},
  number = {4},
  publisher = {{Association for Computing Machinery}},
  location = {{New York, NY, USA}},
  issn = {2643-6809},
  doi = {10.1145/3607256},
  url = {https://doi.org/10.1145/3607256},
  articleno = {25},
  issue_date = {December 2023},
  pagetotal = {40},
  keywords = {code-based cryptography,Grover,Information Set Decoding,ISD,Lee–Brickell,Post-quantum cryptography,Prange,public-key encryption}
}
@inproceedings{perriello2024QuantumCircuitDesign,
  title = {Quantum Circuit Design for the Lee-Brickell Based Information Set Decoding},
  booktitle = {Applied {{Cryptography}} and {{Network Security}} Workshops - {{ACNS}} 2024 Satellite Workshops, {{ACNS}}},
  author = {Perriello, Simone and Barenghi, Alessandro and Pelosi, Gerardo},
  date = {2024},
  series = {Lecture Notes in Computer Science},
  pages = {8--28},
  publisher = {{Springer}},
  location = {{Abu Dhabi, UAE}},
  bibtex_show = {true},
    doi = {10.1007/978-3-031-61489-7_2},
    html = {},
}
@inproceedings{lancellotti2023DesignQuantumWalkConf,
  title = {Design of a Quantum Walk Circuit to Solve the Subset-Sum Problem},
  booktitle = {61st {{ACM}}/{{IEEE}} Design Automation Conference, {{DAC}} 2024, San Francisco, {{CA}}, {{USA}}, July 23-27, 2024},
  author = {Lancellotti, Giacomo and Perriello, Simone and Barenghi, Alessandro and Pelosi, Gerardo},
  date = {2024},
  publisher = {ACM},
  doi = {10.1145/3649329.3657337},
  url = {https://doi.org/10.1109/DAC56929.2023},
  bibtex_show = {true},
}
@inproceedings{perriello2024AQuantumCircuitToExecuteAK,
  title = {A Quantum Circuit to Execute a Key-Recovery Attack Against the DES and 3DES Block Ciphers},
  booktitle = {{{IEEE International Conference}} on {{Quantum Computing}} and {{Engineering}}, {{QCE}} 2024, {{Montréal}}, {{Québec}}, {{Canada}}, {{September}} 15-20, 2024},
  author = {Perriello, Simone and Barenghi, Alessandro and Pelosi, Gerardo},
  editor = {Culhane, Candace and Byrd, Greg and Muller, Hausi and Alexev, Yuri and Sheldon, Sarah},
  year = {2024},
  pages = {1--12},
  publisher = {{IEEE}},
  doi = {10.1109/QCE60285.2024.00011},
}
