@proceedings{force2025,
  title = {Foundations Of Reliable Classical-quantum Engineering (FORCE) 2025, co-located with IEEE/IFIP DSN 2025, {{Naples}}, {{Italy}}, {{June}} 26 2025},
  year         = {2025},
}
@proceedings{qce2025,
  title = {{{IEEE International Conference}} on {{Quantum Computing}} and {{Engineering}}, {{QCE}} 2025, {{Albuquerque}}, {{New Mexico}}, {{USA}}, {{August}} 31-{{September}}5, 2025},
  year         = {2025},
}
@proceedings{cf25,
  title = {{ACM} International Conference on Computing Frontiers, {CF} 2025},
  year         = {2025},
  % publisher = {{IEEE}},
  % url          = {https://doi.org/10.5220/0000168400003405},
  % doi          = {},
  % isbn         = {979-8-3315-4137-8},
}
@proceedings{qce2024,
  editor = {Culhane, Candace and Byrd, Greg and Muller, Hausi and Alexev, Yuri and Sheldon, Sarah},
  title = {{{IEEE International Conference}} on {{Quantum Computing}} and {{Engineering}}, {{QCE}} 2024},
  year         = {2024},
  % publisher = {{IEEE}},
  % url          = {https://doi.org/10.5220/0000168400003405},
  % doi          = {},
  isbn         = {979-8-3315-4137-8},
}
@proceedings{DBLP:conf/icissp/2023,
  editor       = {Paolo Mori and
                  Gabriele Lenzini and
                  Steven Furnell},
  title        = {9th International Conference on Information Systems
                  Security and Privacy, {ICISSP} 2023},
  year         = {2023},
  % publisher    = {SciTePress},
  % url          = {https://doi.org/10.5220/0000168400003405},
  % doi          = {10.5220/0000168400003405},
  isbn         = {978-989-758-624-8},
}


@proceedings{DBLP:conf/acisp/2023,
  editor       = {Leonie Simpson and
                  Mir Ali Rezazadeh Baee},
  title        = {Information Security and Privacy - 28th Australasian Conference, {ACISP}
                  2023},
  series       = {Lecture Notes in Computer Science},
  % volume       = {13915},
  year         = {2023},
  % publisher    = {Springer},
  % url          = {https://doi.org/10.1007/978-3-031-35486-1},
  % doi          = {10.1007/978-3-031-35486-1},
  isbn         = {978-3-031-35485-4},
}
@proceedings{DBLP:conf/iccad/2021,
  title        = {{IEEE/ACM} International Conference On Computer Aided Design, {ICCAD}
                  2021},
  year         = {2021},
  % publisher    = {{IEEE}},
  % url          = {https://doi.org/10.1109/ICCAD51958.2021},
  % doi          = {10.1109/ICCAD51958.2021},
  isbn         = {978-1-6654-4507-8},
}
@periodical{tifs24,
  title  = {{IEEE} Transactions on Information Forensics and Security},
  issn  = {1556-6021},
  % url = {https://ieeexplore.ieee.org/xpl/RecentIssue.jsp?punumber=10206},
  editor = {Mauro Conti},
  year = {2024},
}
@periodical{tetc25,
  title  = {{IEEE} Transactions on Emerging Topics in Computing},
  issn  = {2376-4562},
  % url = {https://ieeexplore.ieee.org/xpl/RecentIssue.jsp?punumber=6245516},
  editor = {Paolo Montuschi},
  year = {2025},
}
@periodical{fgcs25,
  title  = {Future Generation Computer Systems},
  issn  = {1872-7115},
  % url = {https://www.sciencedirect.com/journal/future-generation-computer-systems},
  editor = {Michela Taufer},
  year = {2025},
}
