@proceedings{asiacrypt25_tmp,
  title        = {Advances in Cryptology - {ASIACRYPT} 2025 - 31st International Conference
                  on the Theory and Application of Cryptology and Information Security,
                  December 8-12, 2025, Melbourne, Australia
},
  year         = {2025},
}
@proceedings{service_cf25_tmp,
  title = {{ACM} International Conference on Computing Frontiers, {CF} 2025},
  year         = {2025},
}
@proceedings{service_force25_tmp,
  title = {Foundations Of Reliable Classical-quantum Engineering (FORCE) 2025, co-located with IEEE/IFIP DSN 2025, {{Naples}}, {{Italy}}, {{June}} 26 2025},
  year         = {2025},
}
@proceedings{service_qce25_tmp,
  title = {{{IEEE International Conference}} on {{Quantum Computing}} and {{Engineering}}, {{QCE}} 2025, {{Albuquerque}}, {{New Mexico}}, {{USA}}, {{August}} 31-{{September}}5, 2025},
  year         = {2025},
}
@proceedings{service_qce24,
  editor = {Culhane, Candace and Byrd, Greg and Muller, Hausi and Alexev, Yuri and Sheldon, Sarah},
  title = {{{IEEE International Conference}} on {{Quantum Computing}} and {{Engineering}}, {{QCE}} 2024, {{Montréal}}, {{Québec}}, {{Canada}}, {{September}} 15-20, 2024},
  year         = {2024},
}
